<?xml version="1.0" encoding="UTF-8"?><record xmlns="http://www.loc.gov/MARC21/slim" xmlns:cinclude="http://apache.org/cocoon/include/1.0" xmlns:zs="http://www.loc.gov/zing/srw/">
  <leader>00450cz  a2200133n  4500</leader>
  <controlfield tag="001">n  85312720 </controlfield>
  <controlfield tag="003">DLC</controlfield>
  <controlfield tag="005">20080414074931.0</controlfield>
  <controlfield tag="008">871014n| acannaabn          |n aaa     c</controlfield>
  <datafield tag="010" ind1=" " ind2=" ">
    <subfield code="a">n  85312720 </subfield>
  </datafield>
  <datafield tag="035" ind1=" " ind2=" ">
    <subfield code="a">(OCoLC)oca01961087</subfield>
  </datafield>
  <datafield tag="040" ind1=" " ind2=" ">
    <subfield code="a">PPiU</subfield>
    <subfield code="b">eng</subfield>
    <subfield code="c">DLC</subfield>
    <subfield code="d">DLC</subfield>
    <subfield code="d">OCoLC</subfield>
  </datafield>
  <datafield tag="100" ind1="1" ind2=" ">
    <subfield code="a">Fuenzalida M., Guillermo</subfield>
  </datafield>
  <datafield tag="670" ind1=" " ind2=" ">
    <subfield code="a">His Indices de nombres de personas y de imprentas citadas en la Estadi휍혖stica bibliogra휍혖fica ... 1966:</subfield>
    <subfield code="b">cover (Guillermo Fuenzalida M.)</subfield>
  </datafield>
</record>